@inproceedings{Piva02,
  title     = {Estrat{\'e}gias para melhorar os processos de abstra{\c{c}}{\~a}o na
               disciplina de Algoritmos},
  author    = {Piva Jr and Dilermando and Freitas and Ricardo L},
  booktitle = {Brazilian Symposium on Computers in Education (Simp{\'o}sio
               Brasileiro de Inform{\'a}tica na Educa{\c{c}}{\~a}o-SBIE)},
  volume    = {1},
  number    = {1},
  year      = {2010}
}

@article{Duarte03,
  title     = {Uma ontologia de qualidade de software},
  author    = {Duarte and Katia Cristina and Falbo and Ricardo de Almeida},
  journal = {Workshop de Qualidade de Software, Jo{\~a}o Pessoa},
  pages     = {275--285},
  year      = {2000},
  month     = {01},
}

@misc{Levy04,
  author  = {Fábio Levy Siqueira},
  title   = {Qualidade de código},
  year    = {2018},
  month   = {03},
  howpublished = "\url{www.levysiqueira.com.br/artigos/qualidade-de-codigo.pdf}",
  note = "[Online; acesso em 29-setembro-2022]"
}

@article{Santos05,
  title  = {A Implantação de Metodologias ágeis para o desenvolvimento de
            software: Dificuldades e Recomendações},
  author = {Santos and Evelym V. and Marinho and Gabriel T.},
  year   = {2018},
  month  = {10},
  journal = {Anais da XII Semana Nacional de Ciência e Tecnologia},
  url    = {https://www.sncticet.ufam.edu.br/2018/anais/download/artigos/ARTIGO_4.pdf}
}

@article{Agile06,
  author   = {Agile},
  title    = {Agile},
  journal  = {ITNOW},
  volume   = {55},
  number   = {2},
  pages    = {6-8},
  year     = {2013},
  month    = {05},
  abstract = {The Agile Manifesto was signed in 2001 by a group of 17
              developers. They came together to articulate and define the common
              ground between improved ways of developing software.},
  issn     = {1746-5702},
  doi      = {10.1093/itnow/bwt002},
  url      = {https://doi.org/10.1093/itnow/bwt002},
  eprint   = {https://academic.oup.com/itnow/article-pdf/55/2/6/1028461/bwt002.pdf}
}

@inproceedings{wei08,
  author    = {Jéssica Mendes and Yandson Costa and Kastney Frazão and Rodrigo
               Santos and Davi Santos and Luis Rivero},
  title     = {Identificação das Expectativas e Dificuldades de Alunos de Graduação
               no Ensino de Engenharia de Software},
  booktitle = {Anais do XXVII Workshop sobre Educação em Computação},
  location  = {Belém},
  year      = {2019},
  keywords  = {},
  issn      = {2595-6175},
  pages     = {334--347},
  publisher = {SBC},
  address   = {Porto Alegre, RS, Brasil},
  doi       = {10.5753/wei.2019.6640},
  url       = {https://sol.sbc.org.br/index.php/wei/article/view/6640}
}

@mastersthesis{macedo09,
  title  = {O mercado de trabalho em tecnologia de informa{\c{c}}{\~a}o: a inser{
            \c{c}}{\~a}o profissional dos desenvolvedores de software},
  author = {Macedo and Maicon Costa Borba},
  school = {Universidade Federal do Rio Grande do Sul},
  year   = {2011},
  url = {http://hdl.handle.net/10183/49103}
}

@article{Pacheco10,
  title   = {Tecnologia de Informação: Evolução e Aplicações},
  volume  = {8},
  url     = {http://seer.upf.br/index.php/rtee/article/view/4816},
  doi     = {10.5335/rtee.v8i14.4816},
  number  = {14},
  journal = {Revista Teoria e Evidência Econômica},
  author  = {Pacheco and Roberto and Tait and Tania},
  year    = {2000},
  month   = {5}
}

@misc{stack11,
  author       = {StackOverflow},
  title        = {Stack Overflow Developer Survey},
  organization = {StackOverflow},
  howpublished = "\url{https://insights.stackoverflow.com/survey/2021}",
  year         = {2021},
  note         = "[Online; acesso em: 23-agosto-2021]"
}

@misc{host12,
  author       = {HostGator},
  title        = {Framework o que é, quais utilizar e como eles funcionam!},
  organization = {HostGator},
  howpublished = "\url{https://www.hostgator.com.br/blog/frameworks-na-programacao/}",
  year         = {2020},
  note         = "[Online; acesso em: 23-agosto-2021]"
}

@book{koscianski2007qualidade,
  title     = {Qualidade de Software-2{\textordfeminine} Edi{\c{c}}{\~a}o: Aprenda
               as metodologias e t{\'e}cnicas mais modernas para o desenvolvimento de
               software},
  author    = {Koscianski and Andr{\'e} and dos Santos Soares and Michel},
  year      = {2007},
  publisher = {Novatec Editora}
}

@article{Coelho_2009,
  place        = {Belo Horizonte-MG},
  title        = {Documentação de software: uma necessidade},
  volume       = {2},
  url          = {https://periodicos.ufmg.br/index.php/textolivre/article/view/16562},
  doi          = {10.17851/1983-3652.2.1.17-21},
  abstractnote = {Este trabalho tem como objetivo mostrar a importância da
                  documentação em software e apresentar algumas ferramentas mais
                  comuns bem como trazer os resultados de uma pesquisa com
                  profissionais desenvolvedores de programas de software sobre as
                  ferramentas mais utilizadas para a documentação.},
  number       = {1},
  journal      = {Texto Livre: Linguagem e Tecnologia},
  author       = {Coelho and Hilda Simone},
  year         = {2009},
  month        = {jun.},
  pages        = {17–21}
}

@article{deinvestigaccao,
  title  = {Investiga{\c{c}}{\~a}o da Documenta{\c{c}}{\~a}o de Maior Import{\^a}ncia para Manuten{\c{c}}{\~a}o de Software},
  author = {de Souza, S{\'e}rgio Cozzetti Bertoldi and das Neves, Wesley Christian Gon{\c{c}}alves and de Oliveira, K{\'a}thia Mar{\c{c}}al and Anquetil, Nicolas and Figueiredo, Rejane}
}

@techreport{Forward02softwaredocumentation,
  author = {Andrew Forward},
  title  = {Software Documentation – Building and Maintaining Artefacts of Communication},
  year   = {2002}
}

@article{antoniodocumentaccao,
  title  = {A Documenta{\c{c}}{\~a}o de Usu{\'a}rio Final durante o Ciclo de Vida de Desenvolvimento de Software: boas pr{\'a}ticas baseadas no RUP e CMMI},
  author = {Antonio and Elaine Ap Fonaro and Portella and Cristiano}
}

@misc{webtechsurveyJSF,
  author       = {Web Tech Survey},
  title        = {JavaServer Faces},
  organization = {Web Tech Survey},
  howpublished = "\url{https://webtechsurvey.com/technology/javaserver-faces}",
  year         = {2021},
  note         = "[Online; acesso em: 01-maio-2022]"
}

@misc{attlasianGit,
  author       = {Atlassian},
  title        = {What is version control?},
  organization = {Atlassian},
  year         = {2020},
  howpublished = "\url{https://www.atlassian.com/git/tutorials/what-is-version-control}",
  note         = "[Online; acesso em 04-maio-2022]"
}

@inproceedings{ormHibernate,
  author    = {O'Neil and Elizabeth J.},
  title     = {Object/Relational Mapping 2008: Hibernate and the Entity Data Model (Edm)},
  year      = {2008},
  isbn      = {9781605581026},
  publisher = {Association for Computing Machinery},
  address   = {New York, NY, USA},
  url       = {https://doi.org/10.1145/1376616.1376773},
  doi       = {10.1145/1376616.1376773},
  booktitle = {Proceedings of the 2008 ACM SIGMOD International Conference on Management of Data},
  pages     = {1351–1356},
  numpages  = {6},
  keywords  = {object-relational mapping, persistence, schema mapping, data model, entity data model, hibernate, impedance mismatch},
  location  = {Vancouver, Canada},
  series    = {SIGMOD '08}
}

@misc{pandasPython,
  author       = {Pratik},
  howpublished = "\url{https://cloudxlab.com/blog/numpy-pandas-introduction/}",
  title        = {NumPy and Pandas Tutorial – Data Analysis with Python},
  year         = {2017},
  note         = "[Online; acesso em 02-outubro-2022]"
}